@book{deisenroth2013survey,
  title={A survey on policy search for robotics},
  author={Deisenroth, Marc Peter and Neumann, Gerhard and Peters, Jan},
  year={2013},
  publisher={now publishers}
}

@article{kober2013reinforcement,
  title={Reinforcement learning in robotics: A survey},
  author={Kober, Jens and Bagnell, J Andrew and Peters, Jan},
  journal={The International Journal of Robotics Research},
  volume={32},
  number={11},
  pages={1238--1274},
  year={2013},
  publisher={SAGE Publications Sage UK: London, England}
}

@article{abdolmaleki2015model,
  title={Model-based relative entropy stochastic search},
  author={Abdolmaleki, Abbas and Lioutikov, Rudolf and Peters, Jan R and Lau, Nuno and Pualo Reis, Luis and Neumann, Gerhard},
  journal={Advances in Neural Information Processing Systems},
  volume={28},
  pages={3537--3545},
  year={2015}
}

@article{molga2005test,
  title={Test functions for optimization needs},
  author={Molga, Marcin and Smutnicki, Czes{\l}aw},
  journal={Test functions for optimization needs},
  volume={101},
  pages={48},
  year={2005}
}

@book{boyd2004convex,
  title={Convex optimization},
  author={Boyd, Stephen and Boyd, Stephen P and Vandenberghe, Lieven},
  year={2004},
  publisher={Cambridge university press}
}

@book{sarkka2013bayesian,
  title={Bayesian filtering and smoothing},
  author={S{\"a}rkk{\"a}, Simo},
  volume={3},
  year={2013},
  publisher={Cambridge University Press}
}

@article{arulkumaran2017brief,
  title={A brief survey of deep reinforcement learning},
  author={Arulkumaran, Kai and Deisenroth, Marc Peter and Brundage, Miles and Bharath, Anil Anthony},
  journal={arXiv preprint arXiv:1708.05866},
  year={2017}
}

@article{hansen2003reducing,
  title={Reducing the time complexity of the derandomized evolution strategy with covariance matrix adaptation (CMA-ES)},
  author={Hansen, Nikolaus and M{\"u}ller, Sibylle D and Koumoutsakos, Petros},
  journal={Evolutionary computation},
  volume={11},
  number={1},
  pages={1--18},
  year={2003},
  publisher={MIT Press}
}

@inproceedings{kupcsik2013data,
  title={Data-efficient generalization of robot skills with contextual policy search},
  author={Kupcsik, Andras Gabor and Deisenroth, Marc Peter and Peters, Jan and Neumann, Gerhard and others},
  booktitle={Proceedings of the 27th AAAI Conference on Artificial Intelligence, AAAI 2013},
  pages={1401--1407},
  year={2013}
}

@article{wierstra2014natural,
  title={Natural evolution strategies},
  author={Wierstra, Daan and Schaul, Tom and Glasmachers, Tobias and Sun, Yi and Peters, Jan and Schmidhuber, J{\"u}rgen},
  journal={The Journal of Machine Learning Research},
  volume={15},
  number={1},
  pages={949--980},
  year={2014},
  publisher={JMLR. org}
}

@article{kober2011policy,
  title={Policy search for motor primitives in robotics},
  author={Kober, Jens and Peters, Jan},
  journal={Machine learning},
  volume={84},
  number={1-2},
  pages={171--203},
  year={2011},
  publisher={Springer}
}

@article{ijspeert2002learning,
  title={Learning attractor landscapes for learning motor primitives},
  author={Ijspeert, Auke and Nakanishi, Jun and Schaal, Stefan},
  journal={Advances in neural information processing systems},
  volume={15},
  pages={1547--1554},
  year={2002}
}

@inproceedings{peters2010relative,
  title={Relative entropy policy search.},
  author={Peters, Jan and M{\"u}lling, Katharina and Altun, Yasemin},
  booktitle={AAAI},
  volume={10},
  pages={1607--1612},
  year={2010},
  organization={Atlanta}
}

@article{furmston2012unifying,
  title={A unifying perspective of parametric policy search methods for markov decision processes},
  author={Furmston, Thomas and Barber, David},
  journal={Advances in neural information processing systems},
  volume={25},
  pages={2717--2725},
  year={2012}
}

@article{hansen2016cma,
  title={The CMA evolution strategy: A tutorial},
  author={Hansen, Nikolaus},
  journal={arXiv preprint arXiv:1604.00772},
  year={2016}
}

@inproceedings{duan2016benchmarking,
  title={Benchmarking deep reinforcement learning for continuous control},
  author={Duan, Yan and Chen, Xi and Houthooft, Rein and Schulman, John and Abbeel, Pieter},
  booktitle={International Conference on Machine Learning},
  pages={1329--1338},
  year={2016}
}

@article{ijspeert2013dynamical,
  title={Dynamical movement primitives: learning attractor models for motor behaviors},
  author={Ijspeert, Auke Jan and Nakanishi, Jun and Hoffmann, Heiko and Pastor, Peter and Schaal, Stefan},
  journal={Neural computation},
  volume={25},
  number={2},
  pages={328--373},
  year={2013},
  publisher={MIT Press}
}

@article{ollivier2017information,
  title={Information-geometric optimization algorithms: A unifying picture via invariance principles},
  author={Ollivier, Yann and Arnold, Ludovic and Auger, Anne and Hansen, Nikolaus},
  journal={The Journal of Machine Learning Research},
  volume={18},
  number={1},
  pages={564--628},
  year={2017},
  publisher={JMLR. org}
}

@inproceedings{sun2009efficient,
  title={Efficient natural evolution strategies},
  author={Sun, Yi and Wierstra, Daan and Schaul, Tom and Schmidhuber, Juergen},
  booktitle={Proceedings of the 11th Annual conference on Genetic and evolutionary computation},
  pages={539--546},
  year={2009}
}

@book{sutton2018reinforcement,
  title={Reinforcement learning: An introduction},
  author={Sutton, Richard S and Barto, Andrew G},
  year={2018},
  publisher={MIT press}
}

@article{sutton1992reinforcement,
  title={Reinforcement learning is direct adaptive optimal control},
  author={Sutton, Richard S and Barto, Andrew G and Williams, Ronald J},
  journal={IEEE Control Systems Magazine},
  volume={12},
  number={2},
  pages={19--22},
  year={1992},
  publisher={IEEE}
}
