@book{deisenroth2013survey,
  title={A survey on policy search for robotics},
  author={Deisenroth, Marc Peter and Neumann, Gerhard and Peters, Jan},
  year={2013},
  publisher={now publishers}
}

@article{kober2013reinforcement,
  title={Reinforcement learning in robotics: A survey},
  author={Kober, Jens and Bagnell, J Andrew and Peters, Jan},
  journal={The International Journal of Robotics Research},
  volume={32},
  number={11},
  pages={1238--1274},
  year={2013},
  publisher={SAGE Publications Sage UK: London, England}
}

@article{abdolmaleki2015model,
  title={Model-based relative entropy stochastic search},
  author={Abdolmaleki, Abbas and Lioutikov, Rudolf and Peters, Jan R and Lau, Nuno and Pualo Reis, Luis and Neumann, Gerhard},
  journal={Advances in Neural Information Processing Systems},
  volume={28},
  pages={3537--3545},
  year={2015}
}
